@article{chicago_cooptransit_tracking,
    author = {Jakob Eriksson and others},
    year = {2010},
    title = {Cooperative Transit Tracking using Smart-phones},
    url = {https://www.cs.uic.edu/~jakob/papers/cooperative-transit-tracking-sensys10.pdf}
}

@article{public_transport_tracking_review,
    author = {Ricardo Salazar-Cabrera and others},
    year = {2020},
    title = {Sustainable transit vehicle tracking service, using intelligent transportation system services and emerging communication technologies: A review},
    url = {https://www.sciencedirect.com/science/article/pii/S2095756420301409}
}


@article{ble_smartphone,
    author = {Katsuyuki Tanaka and others},
    year = {2017},
    title = {Demo: Implementation of cooperative bus location system with BLE devices and smartphones},
    url = {https://ieeexplore.ieee.org/abstract/document/7983180}
}

@article{smartphone_based_crowdsourcing,
    author = {Pankaj Mukheja and others},
    year = {2017},
    title = {Smartphone-based crowdsourcing for position estimation of public transport vehicles},
    url = {https://ietresearch.onlinelibrary.wiley.com/doi/full/10.1049/iet-its.2016.0247}
}


@article{tiramusu,
    author = {John Zimmerman and others},
    year = {2011},
    title = {Field Trial of Tiramisu: Crowd-Sourcing Bus Arrival Times to Spur Co-Design},
    url = {https://www.cs.cmu.edu/~tomasic/doc/2011/ZimmermanEtAlCHI2011.pdf}
}

